phd_research_proposal.bib